Example Section

@article{achiam2023gpt,
  title={Gpt-4 technical report},
  author={Achiam, Josh and Adler, Steven and Agarwal, Sandhini and Ahmad, Lama and Akkaya, Ilge and Aleman, Florencia Leoni and Almeida, Diogo and Altenschmidt, Janko and Altman, Sam and Anadkat, Shyamal and others},
  journal={arXiv preprint arXiv:2303.08774},
  year={2023}
}

Huirui

Samuel

Rory

@article{kahle1997model,
    title={ A simple thermal model of the earths surface for geologic mapping by remote sensing.},
    author={A. B. Kahle.},
    journal={Journal of Geophysical Research},
    year={1977},
    volume={82},
    DOI={https://doi.org/10.1029/JB082i011p01673}
}

@article{nguyen2008inverse,
  author={Thanh, Nguyen Trung and Sahli, Hichem and Hao, Dinh Nho},
  journal={IEEE Transactions on Geoscience and Remote Sensing}, 
  title={Infrared Thermography for Buried Landmine Detection: Inverse Problem Setting}, 
  year={2008},
  volume={46},
  number={12},
  pages={3987-4004},
  doi={10.1109/TGRS.2008.2000926}}

@article{warren2016gprmax,
    title = {gprMax: Open source software to simulate electromagnetic wave propagation for Ground Penetrating Radar},
    journal = {Computer Physics Communications},
    volume = {209},
    pages = {163-170},
    year = {2016},
    issn = {0010-4655},
    doi = {https://doi.org/10.1016/j.cpc.2016.08.020},
    url = {https://www.sciencedirect.com/science/article/pii/S0010465516302533},
    author = {Craig Warren and Antonios Giannopoulos and Iraklis Giannakis}
}

@article{muscio2004landmine,
  title={Land Mine Detection by Infrared Thermography: Reduction of Size and Duration of the Experiments},
  author={Muscio, Alberto and Corticelli, Mauro A},
  journal={IEEE Transactions on Geoscience and Remote Sensing},
  volume={42},
  number={9},
  year={2004},
  doi={10.1109/TGRS.2004.831443}
}

@article{van2003effects,
  title={Effects of soil water content and texture on radar and infrared landmine sensors: implications for sensor fusion},
  author={Van Dam, RL and Borchers, B and Hendrickx, JMH and Harmon, RS},
  journal={EUDEM2-SCOT2003},
  year={2003}
}

@book{daniels2004ground,
  title={Ground Penetrating Radar},
  editor={Daniels, David J.},
  year={2004},
  isbn={978-0-86341-360-5},
  pages={752},
  publisher={The Institution of Engineering and Technology},
  address={London, UK},
}

@article{suleymanov2021chernozem,
  title={Suitability of Agrochernozem Soils for Irrigation Amelioration in the Southern Forest–Steppe Zone of the Republic of Bashkortostan},
  author={Suleymanov, R.R. and Gizatshina, G.M. and Gabbasova, I.M.},
  journal={Arid Ecosyst},
  volume={11},
  pages={186--192},
  year={2021},
  doi={10.1134/S2079096121020141}
}

@article{barnawi2022review,
  author    = {Barnawi, A. and Budhiraja, I. and Kumar, K. and et al.},
  title     = {A comprehensive review on landmine detection using deep learning techniques in 5G environment: open issues and challenges},
  journal   = {Neural Comput \& Applic},
  volume    = {34},
  pages     = {21657--21676},
  year      = {2022},
  doi       = {10.1007/s00521-022-07819-9},
}

Jihwan

@article{cabreira2019cpp, 
    title={Survey on Coverage Path Planning with Unmanned Aerial Vehicles}, volume={3}, url={https://www.mdpi.com/2504-446X/3/1/4/htm}, DOI={https://doi.org/10.3390/drones3010004}, number={1}, journal={Drones}, author={Cabreira, Tauã M. and Brisolara, Lisane B. and Ferreira Jr. , Paulo R.}, year={2019}, month={Mar}, pages={4} 
}

Thomas