

@article{kahle1997model,
    title={ A simple thermal model of the earths surface for geologic mapping by remote sensing.},
    author={A. B. Kahle.},
    journal={Journal of Geophysical Research},
    year={1977},
    volume={82},
    DOI={https://doi.org/10.1029/JB082i011p01673}
}

@article{nguyen2008inverse,
  author={Thanh, Nguyen Trung and Sahli, Hichem and Hao, Dinh Nho},
  journal={IEEE Transactions on Geoscience and Remote Sensing}, 
  title={Infrared Thermography for Buried Landmine Detection: Inverse Problem Setting}, 
  year={2008},
  volume={46},
  number={12},
  pages={3987-4004},
  doi={10.1109/TGRS.2008.2000926}}

@article{warren2016gprmax,
    title = {gprMax: Open source software to simulate electromagnetic wave propagation for Ground Penetrating Radar},
    journal = {Computer Physics Communications},
    volume = {209},
    pages = {163-170},
    year = {2016},
    issn = {0010-4655},
    doi = {https://doi.org/10.1016/j.cpc.2016.08.020},
    url = {https://www.sciencedirect.com/science/article/pii/S0010465516302533},
    author = {Craig Warren and Antonios Giannopoulos and Iraklis Giannakis}
}

@article{khanam2024yolov11,
      title={YOLOv11: An Overview of the Key Architectural Enhancements}, 
      author={Rahima Khanam and Muhammad Hussain},
      year={2024},
      eprint={2410.17725},
      archivePrefix={arXiv},
      primaryClass={cs.CV},
      url={https://arxiv.org/abs/2410.17725}, 
}

@article{muscio2004landmine,
  title={Land Mine Detection by Infrared Thermography: Reduction of Size and Duration of the Experiments},
  author={Muscio, Alberto and Corticelli, Mauro A},
  journal={IEEE Transactions on Geoscience and Remote Sensing},
  volume={42},
  number={9},
  year={2004},
  doi={10.1109/TGRS.2004.831443}
}

@article{van2003effects,
  title={Effects of soil water content and texture on radar and infrared landmine sensors: implications for sensor fusion},
  author={Van Dam, RL and Borchers, B and Hendrickx, JMH and Harmon, RS},
  journal={EUDEM2-SCOT2003},
  year={2003}
}

@book{daniels2004ground,
  title={Ground Penetrating Radar},
  editor={Daniels, David J.},
  year={2004},
  isbn={978-0-86341-360-5},
  pages={752},
  publisher={The Institution of Engineering and Technology},
  address={London, UK},
}

@article{suleymanov2021chernozem,
  title={Suitability of Agrochernozem Soils for Irrigation Amelioration in the Southern Forest–Steppe Zone of the Republic of Bashkortostan},
  author={Suleymanov, R.R. and Gizatshina, G.M. and Gabbasova, I.M.},
  journal={Arid Ecosyst},
  volume={11},
  pages={186--192},
  year={2021},
  doi={10.1134/S2079096121020141}
}

@INPROCEEDINGS{alqudsi2021review,
  author={Alqudsi, Yunes Sh. and Alsharafi, Abdulhameed S. and Mohamed, Abdulwahid},
  booktitle={2021 International Congress of Advanced Technology and Engineering (ICOTEN)}, 
  title={A Review of Airborne Landmine Detection Technologies: Unmanned Aerial Vehicle-Based Approach}, 
  year={2021},
  volume={},
  number={},
  pages={1-5},
  keywords={Landmine detection;Unmanned aerial vehicles;Sensors;Reliability;UAV Landmine Detection;Ground Penetrating Radar;Subsurface Sensing;Aerial Landmine Detection;Airborne Sensing},
  doi={10.1109/ICOTEN52080.2021.9493528}}


@article{qui2023fusion,
    AUTHOR = {Qiu, Zhongze and Guo, Hangfu and Hu, Jun and Jiang, Hejun and Luo, Chaopeng},
    TITLE = {Joint Fusion and Detection via Deep Learning in UAV-Borne Multispectral Sensing of Scatterable Landmine},
    JOURNAL = {Sensors},
    VOLUME = {23},
    YEAR = {2023},
    NUMBER = {12},
    ARTICLE-NUMBER = {5693},
    URL = {https://www.mdpi.com/1424-8220/23/12/5693},
    PubMedID = {37420862},
    ISSN = {1424-8220},
    DOI = {10.3390/s23125693}
    }

@article{barnawi2022review,
  author    = {Barnawi, A. and Budhiraja, I. and Kumar, K. and et al.},
  title     = {A comprehensive review on landmine detection using deep learning techniques in 5G environment: open issues and challenges},
  journal   = {Neural Comput \& Applic},
  volume    = {34},
  pages     = {21657--21676},
  year      = {2022},
  doi       = {10.1007/s00521-022-07819-9},
}

@article{jang1993anfis,
  author={Jang, J.-S.R.},
  journal={IEEE Transactions on Systems, Man, and Cybernetics}, 
  title={ANFIS: adaptive-network-based fuzzy inference system}, 
  year={1993},
  volume={23},
  number={3},
  pages={665-685},
  keywords={Fuzzy systems;Fuzzy neural networks;Predictive models;Automatic control;Adaptive systems;Humans;Control system synthesis;Nonlinear control systems;Chaos;Artificial neural networks},
  doi={10.1109/21.256541}}

@article{bai2013soils,
    author = {Bai, Wei and Kong, Ling-Wei and Guo, Aiguo},
    year = {2013},
    month = {10},
    pages = {406–411},
    title = {Effects of physical properties on electrical conductivity of compacted lateritic soil},
    volume = {5},
    journal = {Journal of Rock Mechanics and Geotechnical Engineering},
    doi = {10.1016/j.jrmge.2013.07.003}
}

@article{giovanni2008penetration,
    author = {Leucci, Giovanni},
    title = {Ground Penetrating Radar: The Electromagnetic Signal Attenuation and Maximum Penetration Depth},
    journal = {Scholarly Research Exchange},
    volume = {2008},
    number = {1},
    pages = {926091},
    doi = {https://doi.org/10.3814/2008/926091},
    url = {https://onlinelibrary.wiley.com/doi/abs/10.3814/2008/926091},
    eprint = {https://onlinelibrary.wiley.com/doi/pdf/10.3814/2008/926091},
    year = {2008}
}

@article{wu2025soil,
    title = {Thermal conductivity of soil: A review on the vast experimental data and predictive models},
    journal = {International Journal of Thermal Sciences},
    volume = {208},
    pages = {109486},
    year = {2025},
    issn = {1290-0729},
    doi = {https://doi.org/10.1016/j.ijthermalsci.2024.109486},
    url = {https://www.sciencedirect.com/science/article/pii/S1290072924006082},
    author = {Yu-Hao Wu and Yue-Fei Wu and Li-Wu Fan and Zi-Tao Yu and J.M. Khodadadi}
}

Jihwan

@article{cabreira2019cpp, 
    title={Survey on Coverage Path Planning with Unmanned Aerial Vehicles}, volume={3}, url={https://www.mdpi.com/2504-446X/3/1/4/htm}, DOI={https://doi.org/10.3390/drones3010004}, number={1}, journal={Drones}, author={Cabreira, Tauã M. and Brisolara, Lisane B. and Ferreira Jr. , Paulo R.}, year={2019}, month={Mar}, pages={4} 
}


@article{szymanik2011soil,
    author = {Barbara Szymanik and Stanisław Gratkowski},
    title ={Numerical modelling of microwave heating in landmines detection},
    
    journal = {International Journal of Applied Electromagnetics and Mechanics},
    volume = {37},
    number = {2-3},
    pages = {215-229},
    year = {2011},
    doi = {10.3233/JAE-2011-1393},
    URL = { https://doi.org/10.3233/JAE-2011-1393},
    eprint = {https://doi.org/10.3233/JAE-2011-1393},
}