@article{achiam2023gpt,
  title={Gpt-4 technical report},
  author={Achiam, Josh and Adler, Steven and Agarwal, Sandhini and Ahmad, Lama and Akkaya, Ilge and Aleman, Florencia Leoni and Almeida, Diogo and Altenschmidt, Janko and Altman, Sam and Anadkat, Shyamal and others},
  journal={arXiv preprint arXiv:2303.08774},
  year={2023}
}

@article{DBLP:journals/corr/abs-1908-07401,
  author       = {Zaid Tahir and Waleed Tahir and Saad Ali Liaqat},
  title        = {State Space System Modeling of a Quad Copter {UAV}},
  journal      = {CoRR},
  volume       = {abs/1908.07401},
  year         = {2019},
  url          = {http://arxiv.org/abs/1908.07401},
  eprinttype   = {arXiv},
  eprint       = {1908.07401},
  timestamp    = {Mon, 26 Aug 2019 13:20:40 +0200},
  biburl       = {https://dblp.org/rec/journals/corr/abs-1908-07401.bib},
  bibsource    = {dblp computer science bibliography, https://dblp.org}
}

@manual{DJIMavic3EManual,
  title        = {DJI Mavic 3 Enterprise Series User Manual},
  author       = {DJI},
  year         = {2023},
  month        = {March},
  url          = {https://dl.djicdn.com/downloads/DJI_Mavic_3_Enterprise/DJI_Mavic_3E_3T_User_Manual_EN.pdf},
  note         = {Accessed: 2024-12-28}
}

@book{lock2016essentials,
  title     = {The Essentials of Project Management},
  author    = {Dennis Lock},
  address   = {London},
  edition   = {4th},
  publisher = {Routledge},
  year      = {2016},
  isbn      = {1-351-89056-5},
  keywords  = {Project management},
  language  = {English},
  abstract  = {The fourth edition of Essentials of Project Management complements Dennis Lock's comprehensive textbook, Project Management (10th Edition). This concise account covers the principles and techniques of project management, using examples and illustrations to introduce key procedures and explain when and how to use them. It is designed for business managers and students needing to understand the processes, language, and purpose of project work.}
}

@inproceedings{Chaber2016,
  author    = {Patryk Chaber and Maciej Ławryńczuk},
  title     = {Auto-generation of advanced control algorithms' code for microcontrollers using transcompiler},
  booktitle = {2016 21st International Conference on Methods and Models in Automation and Robotics (MMAR)},
  year      = {2016},
  pages     = {454--459},
  doi       = {10.1109/MMAR.2016.7575178},
  keywords  = {Microcontrollers, Process control, Software algorithms, Hardware, MATLAB, Prediction algorithms}
}

@misc{HawesHavoutis2024,
  author       = {Nick Hawes and Ioannis Havoutis},
  title        = {Software Design in C++},
  year         = {2024},
  note         = {HT2024 Lecture Notes},
  institution  = {University of Oxford},
  howpublished = {Lecture Notes},
  keywords     = {C++, Software Design, Lecture Notes}
}

@misc{westin2019x4,
  author = {Felipe Westin},
  title = {Developer Modular X4 Quadcopter},
  year = {2019},
  month = {February 7},
  url = {https://grabcad.com/library/developer-modular-x4-quadcopter-1}
}

@article{crannverdon,
  author = {Crann, Verdon and Amiri, Peyman and Knox, Samuel and Crowther, William},
  title = {Decentralized deconfliction of aerial robots in high intensity traffic structures},
  journal = {Journal of Field Robotics},
  volume = {41},
  number = {5},
  pages = {1541-1557},
  keywords = {aerial robotics framework, distributed control, unmanned traffic management},
  doi = {https://doi.org/10.1002/rob.22340},
  url = {https://onlinelibrary.wiley.com/doi/abs/10.1002/rob.22340},
  eprint = {https://onlinelibrary.wiley.com/doi/pdf/10.1002/rob.22340},
  abstract = {},
  year = {2024}
}

@misc{stm32h7,
  author       = "{STMicroelectronics}",
  title        = "{STM32H7 Series Microcontrollers}",
  year         = "2025",
  url          = "https://www.st.com/en/microcontrollers-microprocessors/stm32h7-series.html",
  note         = "Accessed: 2025-01-29"
}

@manual{embeddedcoder,
  author       = "{MathWorks}",
  title        = "{Embedded Coder Documentation}",
  year         = "2025",
  url          = "https://uk.mathworks.com/help/ecoder/index.html",
  note         = "Accessed: 2025-01-29"
}

@inproceedings{nekoo,
  author       = {Nekoo, S. R. and Acosta, J. Á. and Gomez-Tamm, A. E. and Ollero, A.},
  booktitle    = {2019 Workshop on Research, Education and Development of Unmanned Aerial Systems (RED UAS)},
  title        = {Optimized Thrust Allocation of Variable-pitch Propellers Quadrotor Control: A Comparative Study on Flip Maneuver},
  year         = {2019},
  pages        = {86--95},
  keywords     = {SDRE;thrust allocation;optimization;variable-pitch;null-space;optimal control;flip maneuver},
  doi          = {10.1109/REDUAS47371.2019.8999681}
}

@article{Leith01012000,
  author       = {D. J. Leith and W. E. Leithead},
  title        = {Survey of gain-scheduling analysis and design},
  journal      = {International Journal of Control},
  volume       = {73},
  number       = {11},
  pages        = {1001--1025},
  year         = {2000},
  publisher    = {Taylor \& Francis},
  doi          = {10.1080/002071700411304},
  url          = {https://doi.org/10.1080/002071700411304},
  eprint       = {https://doi.org/10.1080/002071700411304}
}

@misc{gensace_lipo_2025,
  author       = {GensAce},
  title        = {GensAce Tattu 30C 10000mAh 6S1P 22.2V LiPo with XT90-S},
  year         = {2025},
  url          = {https://www.3dxr.co.uk/electronics-c78/batteries-c144/gensace-gens-ace-tattu-30c-10000mah-6s1p-22-2v-lipo-with-xt90-s-p3790},
  note         = {Accessed: 2025-01-31}
}

@misc{overlander_lipo_2025,
  author       = {Overlander},
  title        = {8500mAh 29.6V 8S 20C Supersport XL LiPo Battery},
  year         = {2025},
  url          = {https://www.overlander.co.uk/lipo-batteries/8500mah-29-6v-8s-20c-supersport-xl-lipo-battery.html?srsltid=AfmBOoqhjbyzJx4g_xB6CbNDKPfrH9o39PHShuN5vkApMDSNeOsObZ4EnxA&gQT=1},
  note         = {Accessed: 2025-01-31}
}

@misc{iflight_fullsend_2025,
  author       = {iFlight},
  title        = {FullSend 6S 8000mAh Li-ion Battery XT60},
  year         = {2025},
  url          = {https://yourfpv.co.uk/product/iflight-fullsend-6s-8000mah-li-on-battery-xt60/},
  note         = {Accessed: 2025-01-31}
}

@book{bergveld2014battery,
  title        = {Battery Management Systems},
  author       = {Bergveld, H.J. and Kruijt, W.S. and Notten, P.H.L.},
  isbn         = {9789401708449},
  url          = {https://books.google.co.uk/books?id=E4QPswEACAAJ},
  year         = {2014},
  publisher    = {Springer}
}

@misc{meteomatics_wind_speed,
  author       = {Meteomatics},
  title        = {Standard Weather Parameters - Wind: Instantaneous Wind Speed},
  year         = {2025},
  url          = {https://www.meteomatics.com/en/api/available-parameters/weather-parameter/standard-weather-parameters-wind/#instantaneous_wind_speed},
  note         = {Accessed: 2025-02-07}
}

@misc{cengiz2024quadcopter,
  author       = {H. Cengiz},
  title        = {Quadcopter Modeling and Linear Quadratic Regulator Design Using Simulink},
  year         = {2024}
}

@misc{chibum2014adv09designofsfb1,
  author       = {L. Chibum},
  title        = {Design of State Feedback Control},
  year         = {2014},
  url          = {https://chibum.wordpress.com/wp-content/uploads/2014/08/adv09designofsfb1.pdf},
  note         = {Accessed: 2025-02-07}
}

@misc{rogers2024powerelectronics,
  author       = {Prof Dan Rogers},
  title        = {Power Electronics Lecture Notes},
  institution  = {University of Oxford, Department of Engineering Science},
  version      = {1.5},
  month        = {January},
  year         = {2024}
}

@misc{cuk1981dc-to-dc,
  author       = {Slobodan M. Ćuk},
  title        = {DC-to-DC Switching Converter with Zero Input and Output Current Ripple and Integrated Magnetics Circuits},
  year         = {1981},
  month        = {March},
  day          = {17},
  patent       = {US4257087},
  url          = {https://patents.google.com/patent/US4257087?scholar}
}

@proceedings{Bailey:1641409,
  author        = {Bailey, R. and Bailey, R},
  editor        = {Bailey, R.},
  title         = {CAS - CERN Accelerator School: Power Converters: Baden, Switzerland 7 - 14 May 2014. Proceedings, CAS - CERN Accelerator School: Power Converters. Baden, Switzerland, May 7-14, 2014. CAS - CERN Accelerator School: Power Converters},
  organization  = {CERN},
  publisher     = {CERN},
  address       = {Geneva},
  year          = {2015},
  url           = {https://cds.cern.ch/record/1641409},
  note          = {22 lectures, 460 pages, published as CERN Yellow Report: https://cds.cern.ch/record/1641409},
  doi           = {10.5170/CERN-2015-003}
}

@book{Schottky,
  title        = {Semiconductor Device Fundamentals},
  author       = {Pierret, R.F.},
  isbn         = {9780131784598},
  lccn         = {95017387},
  url          = {https://books.google.co.uk/books?id=GMZFHwAACAAJ},
  year         = {1996},
  publisher    = {Addison-Wesley}
}

@book{EricksonRobertW2020FoPE,
  author       = {Erickson, Robert W and Maksimović, Dragan},
  address      = {Netherlands},
  edition      = {3rd ed. 2020},
  isbn         = {3030438813},
  keywords     = {Engineering ; Power electronics},
  language     = {eng},
  publisher    = {Springer Nature},
  title        = {Fundamentals of Power Electronics},
  year         = {2020}
}

@book{HLT,
  author       = {Howatson, A. M. and Lund, P. G. and Todd, J. D. and McFadden, P. D. and Probert Smith, P. J. and University of Oxford. Department of Engineering Science.},
  title        = {Engineering tables and data},
  edition      = {[3rd ed.]},
  year         = {2009},
  publisher    = {[University of Oxford, Department of Engineering Science]},
  address      = {Oxford},
  isbn         = {9780952620839},
  keywords     = {Engineering -- Tables}
}

@misc{overlander_batteries,
  author       = {Overlander Batteries},
  title        = {Overlander Batteries | RC Model Batteries},
  url          = {https://www.overlander.co.uk/},
  year         = {2024},
  note         = {Accessed: 2025-02-09}
}

@article{Agrawal_2008,
  doi          = {10.1088/0022-3727/41/22/223001},
  url          = {https://dx.doi.org/10.1088/0022-3727/41/22/223001},
  year         = {2008},
  month        = {October},
  volume       = {41},
  number       = {22},
  pages        = {223001},
  author       = {Agrawal, R C and Pandey, G P},
  title        = {Solid polymer electrolytes: materials designing and all-solid-state battery applications: an overview},
  journal      = {Journal of Physics D: Applied Physics}
}

@manual{matlab_ode23tb,
  title        = {Solve stiff differential equations — trapezoidal rule + backward differentiation formula (ode23tb)},
  author       = {{MathWorks}},
  organization = {MathWorks},
  year         = {n.d.},
  url          = {https://uk.mathworks.com/help/matlab/ref/ode23tb.html},
  note         = {Accessed: 2025-02-15}
}

@misc{gu2018wind,
  title        = {Wind Gust Detection using Physical Sensors in Quadcopters},
  author       = {Suwen Gu and Menghao Lin},
  year         = {2018},
  note         = {Capstone Project}
}

@misc{golestaneh2024samplesneededtraindeep,
  title        = {How many samples are needed to train a deep neural network?},
  author       = {Pegah Golestaneh and Mahsa Taheri and Johannes Lederer},
  year         = {2024},
  eprint       = {2405.16696},
  archivePrefix = {arXiv},
  primaryClass = {math.ST},
  url          = {https://arxiv.org/abs/2405.16696}
}

@article{SON2023120186,
  title        = {Passive battery thermal management system for an unmanned aerial vehicle using a tetrahedral lattice porous plate},
  journal      = {Applied Thermal Engineering},
  volume       = {225},
  pages        = {120186},
  year         = {2023},
  issn         = {1359-4311},
  doi          = {https://doi.org/10.1016/j.applthermaleng.2023.120186},
  url          = {https://www.sciencedirect.com/science/article/pii/S1359431123002156},
  author       = {Young Woo Son and Deokhun Kang and Jonghoon Kim},
  keywords     = {Lithium-ion battery, Passive battery thermal management system, Battery thermal model, Tetrahedral lattice porous plate}
}

@inproceedings{10808488,
  author       = {Mathi, Sri Chaithanya and K, Deepa},
  booktitle    = {2024 First International Conference on Innovations in Communications, Electrical and Computer Engineering (ICICEC)},
  title        = {SoC Estimation and Comparative Analysis of Lithium Polymer and Lithium-Ion Batteries in Unmanned Aerial Vehicles},
  year         = {2024},
  pages        = {1--8},
  keywords     = {Lithium-ion batteries;Measurement;Analytical models;Machine learning;Autonomous aerial vehicles;Lithium;Batteries;State of charge;Polymers;Payloads;State of Charge (SOC) Estimation;Machine Learning (ML);Lithium Ion;Lithium Polymer;Unmanned Aerial Vehicles},
  doi          = {10.1109/ICICEC62498.2024.10808488}
}

@article{chawla2002smote,
  title        = {SMOTE: Synthetic minority over-sampling technique},
  author       = {Chawla, Nitesh V and Bowyer, Kevin W and Hall, Lawrence O and Kegelmeyer, W Philip},
  journal      = {Journal of Artificial Intelligence Research},
  volume       = {16},
  pages        = {321--357},
  year         = {2002},
  publisher    = {AI Access Foundation}
}

@misc{scikit-learn,
  author       = {Pedregosa, F. and Varoquaux, G. and Gramfort, A. and Michel, V. and Thirion, B. and Grisel, O. and Blondel, M. and Prettenhofer, P. and Weiss, R. and Dubourg, V. and Vanderplas, J. and Passos, A. and Cournapeau, D. and Brucher, M. and Perrot, M. and Duchesnay, E.},
  title        = {Scikit-learn: Machine Learning in Python},
  year         = {2011},
  howpublished = {\url{https://scikit-learn.org/stable/modules/generated/sklearn.ensemble.RandomForestClassifier.html}},
  note         = {Accessed: 2025-03-01}
}

@inproceedings{nowak2013approach,
  title={Approach for reliability of Thermal Interface Materials in battery cell sensors},
  author={Nowak, Torsten and M{\"u}ller, Matthias and Walter, Hans and H{\"o}lck, Ole and W{\"u}st, Felix and Wittler, Olaf and Lang, Klaus-Dieter},
  booktitle={19th International Workshop on Thermal Investigations of ICs and Systems},
  year={2013},
  organization={IEEE}
}

@article{CASSON2016175,
title = {Gyroscope vs. accelerometer measurements of motion from wrist PPG during physical exercise},
journal = {ICT Express},
volume = {2},
number = {4},
pages = {175-179},
year = {2016},
note = {Special Issue on Emerging Technologies for Medical Diagnostics},
issn = {2405-9595},
doi = {https://doi.org/10.1016/j.icte.2016.11.003},
url = {https://www.sciencedirect.com/science/article/pii/S240595951630162X},
author = {Alexander J. Casson and Arturo {Vazquez Galvez} and Delaram Jarchi},
keywords = {Photoplethysmography (PPG), Gyroscope, Accelerometer, Heart rate monitoring, Physical exercise},
}

@article{wef_landmine_drone_2016,
title = {This is a landmine-hunting drone},
journal = {World Economic Forum},
author = {Joe Myers},
year = {2016},
url = {https://www.weforum.org/stories/2016/08/this-is-a-landmine-hunting-drone/},
note = {Accessed: 2025-03-10}
}

@misc{mostlycolor_2015,
  author       = {Mostly Color},
  title        = {SWOT Matrices in LaTeX},
  year         = {2015},
  howpublished = {\url{http://www.mostlycolor.ch/2015/07/swot-matrices-in-latex.html}},
  note         = {Accessed: [Insert Date Here]}
}

@misc{EnergyFuturesLab_2022,
  author       = {Energy Futures Lab and Institute for Molecular Science and Engineering},
  title        = {Safe and Sustainable Lithium-Ion Batteries: An Energy Futures Lab and IMSE White Paper},
  year         = {2022},
  month        = {March},
  publisher    = {Imperial College London},
  howpublished = {\url{https://spiral.imperial.ac.uk/server/api/core/bitstreams/5151f8ea-0e49-4fbd-a72b-0fb1a3dfd04c/content}},
  note         = {Accessed: YYYY-MM-DD}
}

@article{TOGUN20251077,
title = {A comprehensive review of battery thermal management systems for electric vehicles: Enhancing performance, sustainability, and future trends},
journal = {International Journal of Hydrogen Energy},
volume = {97},
pages = {1077-1107},
year = {2025},
issn = {0360-3199},
doi = {https://doi.org/10.1016/j.ijhydene.2024.11.093},
url = {https://www.sciencedirect.com/science/article/pii/S0360319924047670},
author = {Hussein Togun and Ali Basem and Jameel M. dhabab and Hayder I. Mohammed and Abdellatif M. Sadeq and Nirmalendu Biswas and Tuqa Abdulrazzaq and Husam Abdulrasool Hasan and Raad Z. Homod and Pouyan Talebizadehsardari},
keywords = {Lithium-ion battery (LIB), Battery cooling, Battery thermal management (BTM), Phase change materials (PCM), Hybrid techniques, Economic aspect},
}

@article{Zaki2025,
  author    = {Mohamed R. Zaki and Mohamed A. El-Beltagy and Ahmed E. Hammad},
  title     = {Analysis and comparison of SOC estimation techniques for Li-ion batteries},
  journal   = {Ionics},
  year      = {2025},
  volume    = {},
  number    = {},
  pages     = {},
  doi       = {10.1007/s11581-025-06140-4},
  url       = {https://doi.org/10.1007/s11581-025-06140-4},
  issn      = {1862-0760},
}

@inproceedings{Denggao2022,
  author    = {Denggao, Zhang and others},
  title     = {A Novel Approach to Battery Management Systems},
  booktitle = {Proceedings of the International Conference on Battery Management Systems},
  year      = {2022},
  pages     = {1--10},
  url       = {https://pure.port.ac.uk/ws/portalfiles/portal/62136767/Denggao_2022_Conf_FINAL.pdf}
}

@mastersthesis{chen2013heat,
  title={Heat Generation Measurements of Prismatic Lithium Ion Batteries},
  author={Chen, Kaiwei},
  year={2013},
  school={University of Waterloo}
}

@phdthesis{8681672,
  author       = {{Farzan Moghaddam, Ali}},
  isbn         = {{9789463553766}},
  keywords     = {{Battery management systems,Li-ion,transformers,Inductors}},
  language     = {{eng}},
  pages        = {{xxvi, 163}},
  publisher    = {{Universiteit Gent. Faculteit Ingenieurswetenschappen en Architectuur}},
  school       = {{Ghent University}},
  title        = {{Active and passive equalisation topologies for lithium-type batteries}},
  year         = {{2020}},
}

@INPROCEEDINGS{8467638,
  author={Moghaddam, Ali Farzan and Van den Bossche, Alex},
  booktitle={2018 9th International Conference on Mechanical and Aerospace Engineering (ICMAE)}, 
  title={A Cell Equalization Method Based on Resonant Switched Capacitor Balancing for Lithium Ion Batteries}, 
  year={2018},
  volume={},
  number={},
  pages={337-341},
  keywords={Capacitors;Batteries;Switches;Switching circuits;Inductors;Switching frequency;RLC circuits;BMS;EV;Li-ion;RSCC;SCC},
  doi={10.1109/ICMAE.2018.8467638}}

@ARTICLE{6439939,
  author={Becker, J. A. and Green, C. B. and Pearson, G. L.},
  journal={Electrical Engineering}, 
  title={Properties and uses of thermistors — Thermally sensitive resistors}, 
  year={1946},
  volume={65},
  number={11},
  pages={711-725},
  keywords={Conductivity;Thermistors;Temperature;Impurities;Heating;Resistance;Materials},
  doi={10.1109/EE.1946.6439939}}

@manual{TI_SNIA032,
  title        = {Using Thermistors to Enhance Thermal Protection for
Battery Management Systems},
  author       = {{Mina Shawky et al.}},
  year         = {2021},
  month        = {September},
  organization = {Texas Instruments},
  note         = {Application Report SNIA032},
  url          = {https://www.ti.com/lit/ab/snia032/snia032.pdf?ts=1741929564743},
  urldate      = {2024-03-14}
}

@article{REZVANIZANIANI2014110,
title = {Review and recent advances in battery health monitoring and prognostics technologies for electric vehicle (EV) safety and mobility},
journal = {Journal of Power Sources},
volume = {256},
pages = {110-124},
year = {2014},
issn = {0378-7753},
doi = {https://doi.org/10.1016/j.jpowsour.2014.01.085},
url = {https://www.sciencedirect.com/science/article/pii/S0378775314001098},
author = {Seyed Mohammad Rezvanizaniani and Zongchang Liu and Yan Chen and Jay Lee},
keywords = {Lithium-ion battery, Prognostics and health management, State of charge, State of health, Safety, Mobility},
}

@incollection{STELZER20171483,
title = {Comparison of Particle Filter and Extended Kalman Filter Algorithms for Monitoring of Bioprocesses},
editor = {Antonio Espuña and Moisès Graells and Luis Puigjaner},
series = {Computer Aided Chemical Engineering},
publisher = {Elsevier},
volume = {40},
pages = {1483-1488},
year = {2017},
booktitle = {27th European Symposium on Computer Aided Process Engineering},
issn = {1570-7946},
doi = {https://doi.org/10.1016/B978-0-444-63965-3.50249-X},
url = {https://www.sciencedirect.com/science/article/pii/B978044463965350249X},
author = {Ines V. Stelzer and Julian Kager and Christoph Herwig},
}

@book{rawlings2017model,
  title     = {Model Predictive Control: Theory, Computation, and Design},
  edition   = {2nd},
  author    = {Rawlings, James B. and Mayne, David Q. and Diehl, Moritz M.},
  publisher = {Nob Hill Publishing, LLC},
  address   = {Santa Barbara, CA},
  year      = {2017},
  isbn      = {9780975937730}
}


@Article{computers11110165,
AUTHOR = {Schreppel, Christina and Pfeiffer, Andreas and Ruggaber, Julian and Brembeck, Jonathan},
TITLE = {Implementation of a C Library of Kalman Filters for Application on Embedded Systems},
JOURNAL = {Computers},
VOLUME = {11},
YEAR = {2022},
NUMBER = {11},
ARTICLE-NUMBER = {165},
URL = {https://www.mdpi.com/2073-431X/11/11/165},
ISSN = {2073-431X},
}


@Article{electronics10040376,
AUTHOR = {Sun, Changhao and Liu, Mengqi and Liu, Chang’an and Feng, Xueling and Wu, Hua},
TITLE = {An Industrial Quadrotor UAV Control Method Based on Fuzzy Adaptive Linear Active Disturbance Rejection Control},
JOURNAL = {Electronics},
VOLUME = {10},
YEAR = {2021},
NUMBER = {4},
ARTICLE-NUMBER = {376},
URL = {https://www.mdpi.com/2079-9292/10/4/376},
ISSN = {2079-9292},
DOI = {10.3390/electronics10040376}
}


@Article{technologies11010012,
AUTHOR = {Manjarrez, Luis H. and Ramos-Fernández, Julio C. and Espinoza, Eduardo S. and Lozano, Rogelio},
TITLE = {Estimation of Energy Consumption and Flight Time Margin for a UAV Mission Based on Fuzzy Systems},
JOURNAL = {Technologies},
VOLUME = {11},
YEAR = {2023},
NUMBER = {1},
ARTICLE-NUMBER = {12},
URL = {https://www.mdpi.com/2227-7080/11/1/12},
ISSN = {2227-7080},
DOI = {10.3390/technologies11010012}
}

@INPROCEEDINGS{4058900,
  author={Madani, Tarek and Benallegue, Abdelaziz},
  booktitle={2006 IEEE/RSJ International Conference on Intelligent Robots and Systems}, 
  title={Backstepping Control for a Quadrotor Helicopter}, 
  year={2006},
  volume={},
  number={},
  pages={3255-3260},
  keywords={Backstepping;Helicopters;Vehicle dynamics;Unmanned aerial vehicles;Automatic control;Propellers;Humans;Stability;Intelligent robots;Nonlinear control systems},
  doi={10.1109/IROS.2006.282433}}














