@INPROCEEDINGS{MappingHexagons,
  author={Shao, Xiaoqiang and Zheng, Runyang and Wei, Jinyang and Guo, Defeng and Yang, Tao and Wang, Bolin and Zhao, Yu},
  booktitle={2021 IEEE 5th Advanced Information Technology, Electronic and Automation Control Conference (IAEAC)}, 
  title={Path planning of mobile Robot based on improved ant colony algorithm based on Honeycomb grid}, 
  year={2021},
  volume={5},
  number={},
  pages={1358-1362},
  keywords={Sequential analysis;Search problems;Attenuation;Path planning;Safety;Optimization;Convergence;path planning;honeycomb grid;ant colony algorithm;mobile robot},
  doi={10.1109/IAEAC50856.2021.9390601}}

@INPROCEEDINGS{LiONRunaway,
  author={Zhang, Xiaoqiang and Li, Lei and Zhang, Weiping},
  booktitle={2020 IEEE 9th International Power Electronics and Motion Control Conference (IPEMC2020-ECCE Asia)}, 
  title={Review of Research about Thermal Runaway and Management of Li-ion Battery Energy Storage Systems}, 
  year={2020},
  volume={},
  number={},
  pages={3216-3220},
  keywords={Lithium-ion batteries;Thermal management of electronics;Thermal engineering;Battery management systems;Thermal management;Electric vehicles;Automobiles;Review;Li-ion Battery Thermal Runaway;Thermal Management},
  doi={10.1109/IPEMC-ECCEAsia48364.2020.9367968}}

@inproceedings{CANFlexRay,
  title        = {CAN in Automation: The Potential of CAN FD Technology to Impact Upon FlexRay},
  author       = {C. Quigley and A. Williams and R. McLaughlin},
  booktitle    = {Proceedings of iCC 2013 CAN in Automation},
  year         = {2013},
  organization = {Warwick Control Technologies Ltd.}
}

@INPROCEEDINGS{RTK_LORA,
  author={Mayer, Philipp and Magno, Michele and Berger, Armin and Benini, Luca},
  booktitle={2020 IEEE Sensors Applications Symposium (SAS)}, 
  title={RTK-LoRa: High-Precision, Long-Range and Energy-Efficient Localization for Mobile IoT devices}, 
  year={2020},
  volume={},
  number={},
  pages={1-5},
  keywords={Location awareness;Wireless communication;Global navigation satellite system;Wireless sensor networks;Urban areas;Kinematics;Energy efficiency;Low Power Sensors;Geo-Localization;Energy Efficiency;RTK;LoRa},
  doi={10.1109/SAS48726.2020.9220057}
}
